<record><leader>00000cas a2200000 i 4500</leader><controlfield tag="001">15861440</controlfield><controlfield tag="008">870608d19081913inuwr ne      0    0eng c</controlfield><datafield ind1=" " ind2=" " tag="010"><subfield code="a">sn 87056036 </subfield></datafield><datafield ind1=" " ind2=" " tag="040"><subfield code="a">NPI</subfield><subfield code="b">eng</subfield><subfield code="e">rda</subfield><subfield code="c">NPI</subfield><subfield code="d">OCLCQ</subfield><subfield code="d">IUL</subfield><subfield code="d">OCLCF</subfield><subfield code="d">IUL</subfield></datafield><datafield ind1=" " ind2=" " tag="042"><subfield code="a">pcc</subfield></datafield><datafield ind1="0" ind2="0" tag="245"><subfield code="a">Logansport weekly reporter.</subfield></datafield><datafield ind1="3" ind2="0" tag="246"><subfield code="a">Logansport semi-weekly reporter</subfield></datafield><datafield ind1=" " ind2="1" tag="264"><subfield code="a">Logansport, Ind. :</subfield><subfield code="b">Inez M. Sutton,</subfield><subfield code="c">1908-1913.</subfield></datafield><datafield ind1=" " ind2=" " tag="300"><subfield code="a">volumes</subfield></datafield><datafield ind1=" " ind2=" " tag="310"><subfield code="a">Weekly,</subfield><subfield code="b">1912-1913</subfield></datafield><datafield ind1=" " ind2=" " tag="321"><subfield code="a">Semiweekly,</subfield><subfield code="b">1908-1911</subfield></datafield><datafield ind1=" " ind2=" " tag="336"><subfield code="a">text</subfield><subfield code="b">txt</subfield><subfield code="2">rdacontent</subfield></datafield><datafield ind1=" " ind2=" " tag="337"><subfield code="a">unmediated</subfield><subfield code="b">n</subfield><subfield code="2">rdamedia</subfield></datafield><datafield ind1=" " ind2=" " tag="338"><subfield code="a">volume</subfield><subfield code="b">nc</subfield><subfield code="2">rdacarrier</subfield></datafield><datafield ind1="0" ind2=" " tag="362"><subfield code="a">Volume 38, no. 40 (February 11, 1908)-v. 48, no. 4 (May 2, 1913).</subfield></datafield><datafield ind1=" " ind2=" " tag="500"><subfield code="a">Variant title, Feb. 14, 1908-&lt;Sept. 5, 1911&gt;: Logansport semi-weekly reporter.</subfield></datafield><datafield ind1=" " ind2=" " tag="580"><subfield code="a">Daily ed.: Logansport daily reporter (Logansport, Ind. : 1896); and: Daily reporter (Logansport, Ind.).</subfield></datafield><datafield ind1=" " ind2="0" tag="651"><subfield code="a">Logansport (Ind.)</subfield><subfield code="v">Newspapers.</subfield></datafield><datafield ind1=" " ind2="0" tag="651"><subfield code="a">Cass County (Ind.)</subfield><subfield code="v">Newspapers.</subfield></datafield><datafield ind1=" " ind2="7" tag="651"><subfield code="a">Indiana</subfield><subfield code="z">Cass County.</subfield><subfield code="2">fast</subfield><subfield code="0">(OCoLC)fst01206116</subfield></datafield><datafield ind1=" " ind2="7" tag="651"><subfield code="a">Indiana</subfield><subfield code="z">Logansport.</subfield><subfield code="2">fast</subfield><subfield code="0">(OCoLC)fst01206115</subfield></datafield><datafield ind1=" " ind2="7" tag="655"><subfield code="a">Newspapers.</subfield><subfield code="2">fast</subfield><subfield code="0">(OCoLC)fst01423814</subfield></datafield><datafield ind1=" " ind2=" " tag="752"><subfield code="a">United States</subfield><subfield code="b">Indiana</subfield><subfield code="c">Cass</subfield><subfield code="d">Logansport.</subfield></datafield><datafield ind1="1" ind2=" " tag="775"><subfield code="t">Logansport daily reporter (Logansport, Ind. : 1896)</subfield><subfield code="w">(DLC)sn 87056034</subfield><subfield code="w">(OCoLC)15862859</subfield></datafield><datafield ind1="1" ind2=" " tag="775"><subfield code="t">Daily reporter (Logansport, Ind.)</subfield><subfield code="w">(DLC)sn 87056035</subfield><subfield code="w">(OCoLC)15862632</subfield></datafield><datafield ind1="0" ind2="0" tag="780"><subfield code="t">Logansport reporter (Logansport, Ind. : Semiweekly)</subfield><subfield code="w">(DLC)sn 87056041</subfield><subfield code="w">(OCoLC)15862980</subfield></datafield><datafield ind1="0" ind2="7" tag="785"><subfield code="t">Saturday Pharos</subfield><subfield code="w">(DLC)sn 87056031</subfield><subfield code="w">(OCoLC)15798125</subfield></datafield><datafield ind1="0" ind2="7" tag="785"><subfield code="t">Weekly Pharos-reporter</subfield><subfield code="w">(DLC)sn 87056046</subfield><subfield code="w">(OCoLC)15808083</subfield></datafield><datafield ind1="4" ind2="1" tag="856"><subfield code="u">https://access.newspaperarchive.com/us/indiana/logansport/logansport-weekly-reporter/</subfield></datafield><datafield ind1="4" ind2="1" tag="856"><subfield code="u">https://access.newspaperarchive.com/us/indiana/logansport/logansport-semi-weekly-reporter/</subfield></datafield></record>